@inproceedings{ginga2010,
  AUTHOR = {Guilherme Daher and Guilherme Nogueira and Giovanni Comarela and Fábio Fabris and Magnos Martinello and José Gonçalves},
  TITLE = {{Ginga-NCL em Dispositivos Portáteis: Uma Implementação para a Plataforma Android}},
  BOOKTITLE = {{Brazilian Symposium on Multimedia and Web - Webmedia 2010}},
  YEAR = {2010},
  KEYWORDS = {brazil},
  ADDRESS = {Belo Horizonte, Brazil},
  MONTH = Oct,
  URL = {}
}

Extensão de Ambiente de Detecção de Perdas Comerciais Através de Análise de Características Temporais das Curvas de Consumo dos Consumidores
@inproceedings{mip2008,
  author={Idílio Drago and Guilherme Nogueira and Flavio Varejão and Letícia Margoto and Eduardo Cometti and Ricardo Ferro},
  title={Profit loss detection through analysis of temporal characteristics in curves of consumption},
  booktitle={XVIII National Seminar on Eletric Energy Distribution},
  year={2008},
  month=Oct,
  address={Olinda, Brazil},
  keywords={brazil},
}